<record><leader>00000cas a2200000 i 4500</leader><controlfield tag="001">12622355</controlfield><controlfield tag="008">851001d18731874scuwr ne      0   a0eng  </controlfield><datafield ind1=" " ind2=" " tag="010"><subfield code="a">sn 85042524 </subfield></datafield><datafield ind1=" " ind2=" " tag="040"><subfield code="a">DLC</subfield><subfield code="b">eng</subfield><subfield code="e">rda</subfield><subfield code="c">DLC</subfield><subfield code="d">NPX</subfield><subfield code="d">DLC</subfield><subfield code="d">SVN</subfield><subfield code="d">DLC</subfield><subfield code="d">OCLCQ</subfield><subfield code="d">SUC</subfield><subfield code="d">DLC</subfield><subfield code="d">OCLCF</subfield></datafield><datafield ind1="0" ind2=" " tag="022"><subfield code="a">2471-0474</subfield><subfield code="2">1</subfield></datafield><datafield ind1="1" ind2=" " tag="029"><subfield code="a">AU@</subfield><subfield code="b">000026224718</subfield></datafield><datafield ind1=" " ind2=" " tag="042"><subfield code="a">msc</subfield><subfield code="a">nsdp</subfield></datafield><datafield ind1=" " ind2=" " tag="043"><subfield code="a">n-us-sc</subfield></datafield><datafield ind1="0" ind2="0" tag="050"><subfield code="a">Newspaper</subfield></datafield><datafield ind1="1" ind2="0" tag="082"><subfield code="a">071</subfield><subfield code="2">23</subfield></datafield><datafield ind1=" " ind2="0" tag="222"><subfield code="a">Port Royal commercial and Beaufort County Republican</subfield><subfield code="b">(Print)</subfield></datafield><datafield ind1="0" ind2="0" tag="245"><subfield code="a">Port Royal commercial and Beaufort County Republican.</subfield></datafield><datafield ind1="3" ind2="0" tag="246"><subfield code="a">Beaufort County Republican</subfield></datafield><datafield ind1=" " ind2="1" tag="264"><subfield code="a">Port Royal, S.C. :</subfield><subfield code="b">E.W. Everson</subfield></datafield><datafield ind1=" " ind2=" " tag="300"><subfield code="a">volumes :</subfield><subfield code="b">illustrations (chiefly advertisements) ;</subfield><subfield code="c">59 cm</subfield></datafield><datafield ind1=" " ind2=" " tag="310"><subfield code="a">Weekly</subfield></datafield><datafield ind1=" " ind2=" " tag="336"><subfield code="a">text</subfield><subfield code="2">rdacontent</subfield></datafield><datafield ind1=" " ind2=" " tag="337"><subfield code="a">unmediated</subfield><subfield code="2">rdamedia</subfield></datafield><datafield ind1=" " ind2=" " tag="338"><subfield code="a">volume</subfield><subfield code="2">rdacarrier</subfield></datafield><datafield ind1="1" ind2=" " tag="362"><subfield code="a">Began with October 23, 1873; ceased in 1874.</subfield><subfield code="z">Cf. Gregory, W. Amer. newspapers.</subfield></datafield><datafield ind1=" " ind2=" " tag="500"><subfield code="a">"Independent."</subfield></datafield><datafield ind1=" " ind2=" " tag="530"><subfield code="a">Archived issues are available in digital format from the Library of Congress Chronicling America online collection.</subfield></datafield><datafield ind1=" " ind2=" " tag="588"><subfield code="a">Description based on: Vol. IV, No. 3 (October 23, 1873); title from masthead.</subfield></datafield><datafield ind1=" " ind2=" " tag="588"><subfield code="a">Latest issue consulted: Vol. IV, No. 30 (April 30, 1874).</subfield></datafield><datafield ind1=" " ind2="0" tag="651"><subfield code="a">Port Royal (S.C.)</subfield><subfield code="v">Newspapers.</subfield></datafield><datafield ind1=" " ind2="0" tag="651"><subfield code="a">Beaufort County (S.C.)</subfield><subfield code="v">Newspapers.</subfield></datafield><datafield ind1=" " ind2="7" tag="655"><subfield code="a">Newspapers.</subfield><subfield code="2">fast</subfield><subfield code="0">(OCoLC)fst01423814</subfield></datafield><datafield ind1=" " ind2="7" tag="651"><subfield code="a">South Carolina</subfield><subfield code="z">Beaufort County.</subfield><subfield code="2">fast</subfield><subfield code="0">(OCoLC)fst01209379</subfield></datafield><datafield ind1=" " ind2="7" tag="651"><subfield code="a">South Carolina</subfield><subfield code="z">Port Royal.</subfield><subfield code="2">fast</subfield><subfield code="0">(OCoLC)fst01224097</subfield></datafield><datafield ind1=" " ind2=" " tag="752"><subfield code="a">United States</subfield><subfield code="b">South Carolina</subfield><subfield code="c">Beaufort</subfield><subfield code="d">Port Royal.</subfield></datafield><datafield ind1="0" ind2="8" tag="776"><subfield code="i">Online version:</subfield><subfield code="t">Port Royal commercial and Beaufort County Republican</subfield><subfield code="x">2471-0482</subfield><subfield code="w">(DLC)  2016271005</subfield><subfield code="w">(OCoLC)940793273</subfield></datafield><datafield ind1="0" ind2="4" tag="780"><subfield code="t">Beaufort Republican</subfield><subfield code="w">(DLC)sn 84026857</subfield><subfield code="w">(OCoLC)10715695</subfield></datafield><datafield ind1="0" ind2="4" tag="780"><subfield code="t">Port Royal commercial</subfield></datafield><datafield ind1="0" ind2="7" tag="785"><subfield code="t">Southern standard (Beaufort, S.C.)</subfield><subfield code="w">(DLC)sn 84026861</subfield><subfield code="w">(OCoLC)10715943</subfield></datafield><datafield ind1="0" ind2="7" tag="785"><subfield code="t">Port Royal standard and commercial</subfield><subfield code="w">(DLC)sn 85026954</subfield><subfield code="w">(OCoLC)12814687</subfield></datafield><datafield ind1="4" ind2="1" tag="856"><subfield code="u">http://chroniclingamerica.loc.gov/lccn/sn85042524/issues/</subfield></datafield></record>